@article{strachey2000,
  title={Fundamental concepts in programming languages},
  author={Strachey, Christopher},
  journal={Higher-order and symbolic computation},
  volume={13},
  pages={11--49},
  year={2000},
  publisher={Springer}
}
